<record><leader>00000cas a2200000 a 4500</leader><controlfield tag="001">22718837</controlfield><controlfield tag="008">901120d19821988iludr ne      0   a0eng c</controlfield><datafield ind1=" " ind2=" " tag="010"><subfield code="a">sn 90054710 </subfield></datafield><datafield ind1=" " ind2=" " tag="040"><subfield code="a">NVF</subfield><subfield code="b">eng</subfield><subfield code="c">NVF</subfield><subfield code="d">NVF</subfield><subfield code="d">OCLCQ</subfield><subfield code="d">OCLCF</subfield><subfield code="d">NVF</subfield><subfield code="d">OCLCO</subfield><subfield code="d">OCLCA</subfield></datafield><datafield ind1="1" ind2=" " tag="029"><subfield code="a">AU@</subfield><subfield code="b">000020615165</subfield></datafield><datafield ind1=" " ind2=" " tag="042"><subfield code="a">pcc</subfield></datafield><datafield ind1=" " ind2=" " tag="043"><subfield code="a">n-us-il</subfield></datafield><datafield ind1="0" ind2=" " tag="130"><subfield code="a">Herald &amp; review (Decatur, Ill. : 1982)</subfield></datafield><datafield ind1="1" ind2="4" tag="245"><subfield code="a">The herald &amp; review.</subfield></datafield><datafield ind1="3" ind2=" " tag="246"><subfield code="a">Herald and review</subfield></datafield><datafield ind1=" " ind2=" " tag="260"><subfield code="a">Decatur, Ill. :</subfield><subfield code="b">Decatur Herald and Review,</subfield><subfield code="c">1982-1988.</subfield></datafield><datafield ind1=" " ind2=" " tag="300"><subfield code="a">v.</subfield></datafield><datafield ind1=" " ind2=" " tag="310"><subfield code="a">Daily</subfield></datafield><datafield ind1="0" ind2=" " tag="362"><subfield code="a">110th year (June 7, 1982)-115th year, issue 10 (Jan. 10, 1988).</subfield></datafield><datafield ind1=" " ind2=" " tag="500"><subfield code="a">Title preceded by day of issuance.</subfield></datafield><datafield ind1=" " ind2=" " tag="525"><subfield code="a">Separately paged weekly supplements with title: Herald &amp; review focus, June 7, 1982-&lt;Dec. 31, 1986&gt;.</subfield></datafield><datafield ind1=" " ind2="0" tag="651"><subfield code="a">Decatur (Ill.)</subfield><subfield code="v">Newspapers.</subfield></datafield><datafield ind1=" " ind2="7" tag="651"><subfield code="a">Illinois</subfield><subfield code="z">Decatur.</subfield><subfield code="2">fast</subfield><subfield code="0">(OCoLC)fst01208165</subfield></datafield><datafield ind1=" " ind2="7" tag="655"><subfield code="a">Newspapers.</subfield><subfield code="2">fast</subfield><subfield code="0">(OCoLC)fst01423814</subfield></datafield><datafield ind1="0" ind2="2" tag="740"><subfield code="a">Herald &amp; review focus.</subfield></datafield><datafield ind1=" " ind2=" " tag="752"><subfield code="a">United States</subfield><subfield code="b">Illinois</subfield><subfield code="c">Macon</subfield><subfield code="d">Decatur.</subfield></datafield><datafield ind1="0" ind2="0" tag="780"><subfield code="t">Morning herald &amp; review</subfield><subfield code="w">(DLC)sn 90054709</subfield><subfield code="w">(OCoLC)22718750</subfield></datafield><datafield ind1="0" ind2="0" tag="785"><subfield code="t">Decatur herald &amp; review (Decatur, Ill. : 1988)</subfield><subfield code="w">(DLC)sn 96071069</subfield><subfield code="w">(OCoLC)34923933</subfield></datafield></record>